%YAML 1.1
%TAG !u! tag:unity3d.com,2011:
--- !u!1 &2757629413035571869
GameObject:
  m_ObjectHideFlags: 0
  m_CorrespondingSourceObject: {fileID: 0}
  m_PrefabInstance: {fileID: 0}
  m_PrefabAsset: {fileID: 0}
  serializedVersion: 6
  m_Component:
  - component: {fileID: 2757629413035571868}
  - component: {fileID: 2757629413035571865}
  - component: {fileID: 2757629413035571870}
  m_Layer: 0
  m_Name: Capsule
  m_TagString: Untagged
  m_Icon: {fileID: 0}
  m_NavMeshLayer: 0
  m_StaticEditorFlags: 0
  m_IsActive: 1
--- !u!4 &2757629413035571868
Transform:
  m_ObjectHideFlags: 0
  m_CorrespondingSourceObject: {fileID: 0}
  m_PrefabInstance: {fileID: 0}
  m_PrefabAsset: {fileID: 0}
  m_GameObject: {fileID: 2757629413035571869}
  m_LocalRotation: {x: 0, y: 0, z: 0, w: 1}
  m_LocalPosition: {x: 0, y: 0, z: 0}
  m_LocalScale: {x: 1, y: 1, z: 1}
  m_Children: []
  m_Father: {fileID: 2757629413255237934}
  m_RootOrder: 0
  m_LocalEulerAnglesHint: {x: 0, y: 0, z: 0}
--- !u!33 &2757629413035571865
MeshFilter:
  m_ObjectHideFlags: 0
  m_CorrespondingSourceObject: {fileID: 0}
  m_PrefabInstance: {fileID: 0}
  m_PrefabAsset: {fileID: 0}
  m_GameObject: {fileID: 2757629413035571869}
  m_Mesh: {fileID: 10208, guid: 0000000000000000e000000000000000, type: 0}
--- !u!23 &2757629413035571870
MeshRenderer:
  m_ObjectHideFlags: 0
  m_CorrespondingSourceObject: {fileID: 0}
  m_PrefabInstance: {fileID: 0}
  m_PrefabAsset: {fileID: 0}
  m_GameObject: {fileID: 2757629413035571869}
  m_Enabled: 0
  m_CastShadows: 1
  m_ReceiveShadows: 1
  m_DynamicOccludee: 1
  m_MotionVectors: 1
  m_LightProbeUsage: 1
  m_ReflectionProbeUsage: 1
  m_RayTracingMode: 2
  m_RenderingLayerMask: 1
  m_RendererPriority: 0
  m_Materials:
  - {fileID: 10303, guid: 0000000000000000f000000000000000, type: 0}
  m_StaticBatchInfo:
    firstSubMesh: 0
    subMeshCount: 0
  m_StaticBatchRoot: {fileID: 0}
  m_ProbeAnchor: {fileID: 0}
  m_LightProbeVolumeOverride: {fileID: 0}
  m_ScaleInLightmap: 1
  m_ReceiveGI: 1
  m_PreserveUVs: 0
  m_IgnoreNormalsForChartDetection: 0
  m_ImportantGI: 0
  m_StitchLightmapSeams: 1
  m_SelectedEditorRenderState: 3
  m_MinimumChartSize: 4
  m_AutoUVMaxDistance: 0.5
  m_AutoUVMaxAngle: 89
  m_LightmapParameters: {fileID: 0}
  m_SortingLayerID: 0
  m_SortingLayer: 0
  m_SortingOrder: 0
--- !u!1 &2757629413255237935
GameObject:
  m_ObjectHideFlags: 0
  m_CorrespondingSourceObject: {fileID: 0}
  m_PrefabInstance: {fileID: 0}
  m_PrefabAsset: {fileID: 0}
  serializedVersion: 6
  m_Component:
  - component: {fileID: 2757629413255237934}
  - component: {fileID: 2757629413255237929}
  - component: {fileID: 2757629413255237928}
  - component: {fileID: 796784475763757979}
  m_Layer: 9
  m_Name: Player
  m_TagString: Player
  m_Icon: {fileID: 0}
  m_NavMeshLayer: 0
  m_StaticEditorFlags: 0
  m_IsActive: 1
--- !u!4 &2757629413255237934
Transform:
  m_ObjectHideFlags: 0
  m_CorrespondingSourceObject: {fileID: 0}
  m_PrefabInstance: {fileID: 0}
  m_PrefabAsset: {fileID: 0}
  m_GameObject: {fileID: 2757629413255237935}
  m_LocalRotation: {x: 0, y: 0, z: 0, w: 1}
  m_LocalPosition: {x: 0, y: 0, z: 0}
  m_LocalScale: {x: 0.63415, y: 0.63415, z: 0.63415}
  m_Children:
  - {fileID: 2757629413035571868}
  - {fileID: 2757629414188339929}
  m_Father: {fileID: 0}
  m_RootOrder: 0
  m_LocalEulerAnglesHint: {x: 0, y: 0, z: 0}
--- !u!143 &2757629413255237929
CharacterController:
  m_ObjectHideFlags: 0
  m_CorrespondingSourceObject: {fileID: 0}
  m_PrefabInstance: {fileID: 0}
  m_PrefabAsset: {fileID: 0}
  m_GameObject: {fileID: 2757629413255237935}
  m_Material: {fileID: 0}
  m_IsTrigger: 0
  m_Enabled: 1
  serializedVersion: 2
  m_Height: 2
  m_Radius: 0.5
  m_SlopeLimit: 45
  m_StepOffset: 0.3
  m_SkinWidth: 0.08
  m_MinMoveDistance: 0.001
  m_Center: {x: 0, y: 0, z: 0.3}
--- !u!114 &2757629413255237928
MonoBehaviour:
  m_ObjectHideFlags: 0
  m_CorrespondingSourceObject: {fileID: 0}
  m_PrefabInstance: {fileID: 0}
  m_PrefabAsset: {fileID: 0}
  m_GameObject: {fileID: 2757629413255237935}
  m_Enabled: 1
  m_EditorHideFlags: 0
  m_Script: {fileID: 11500000, guid: 30d234faab961914985e5f669cca6f99, type: 3}
  m_Name: 
  m_EditorClassIdentifier: 
  speed: 10
  controller: {fileID: 2757629413255237929}
  gravity: -9.6
--- !u!114 &796784475763757979
MonoBehaviour:
  m_ObjectHideFlags: 0
  m_CorrespondingSourceObject: {fileID: 0}
  m_PrefabInstance: {fileID: 0}
  m_PrefabAsset: {fileID: 0}
  m_GameObject: {fileID: 2757629413255237935}
  m_Enabled: 1
  m_EditorHideFlags: 0
  m_Script: {fileID: 11500000, guid: 33b747ec1113bbb468b74a1cce34a652, type: 3}
  m_Name: 
  m_EditorClassIdentifier: 
  ui_slider: {fileID: 0}
  maxhealth: 10
  currenthealth: 0
--- !u!1 &2757629414188339932
GameObject:
  m_ObjectHideFlags: 0
  m_CorrespondingSourceObject: {fileID: 0}
  m_PrefabInstance: {fileID: 0}
  m_PrefabAsset: {fileID: 0}
  serializedVersion: 6
  m_Component:
  - component: {fileID: 2757629414188339929}
  - component: {fileID: 2757629414188339934}
  - component: {fileID: 2757629414188339935}
  - component: {fileID: 2757629414188339928}
  m_Layer: 0
  m_Name: Main Camera
  m_TagString: MainCamera
  m_Icon: {fileID: 0}
  m_NavMeshLayer: 0
  m_StaticEditorFlags: 0
  m_IsActive: 1
--- !u!4 &2757629414188339929
Transform:
  m_ObjectHideFlags: 0
  m_CorrespondingSourceObject: {fileID: 0}
  m_PrefabInstance: {fileID: 0}
  m_PrefabAsset: {fileID: 0}
  m_GameObject: {fileID: 2757629414188339932}
  m_LocalRotation: {x: 0, y: 0, z: 0, w: 1}
  m_LocalPosition: {x: 0, y: 0.788, z: 0}
  m_LocalScale: {x: 1, y: 1, z: 1}
  m_Children:
  - {fileID: 7463194568541753093}
  - {fileID: 4914466048722508088}
  m_Father: {fileID: 2757629413255237934}
  m_RootOrder: 1
  m_LocalEulerAnglesHint: {x: 0, y: 0, z: 0}
--- !u!20 &2757629414188339934
Camera:
  m_ObjectHideFlags: 0
  m_CorrespondingSourceObject: {fileID: 0}
  m_PrefabInstance: {fileID: 0}
  m_PrefabAsset: {fileID: 0}
  m_GameObject: {fileID: 2757629414188339932}
  m_Enabled: 1
  serializedVersion: 2
  m_ClearFlags: 1
  m_BackGroundColor: {r: 0.19215687, g: 0.3019608, b: 0.4745098, a: 0}
  m_projectionMatrixMode: 1
  m_GateFitMode: 2
  m_FOVAxisMode: 0
  m_SensorSize: {x: 36, y: 24}
  m_LensShift: {x: 0, y: 0}
  m_FocalLength: 50
  m_NormalizedViewPortRect:
    serializedVersion: 2
    x: 0
    y: 0
    width: 1
    height: 1
  near clip plane: 0.01
  far clip plane: 1000
  field of view: 90
  orthographic: 0
  orthographic size: 5
  m_Depth: -1
  m_CullingMask:
    serializedVersion: 2
    m_Bits: 4294967295
  m_RenderingPath: -1
  m_TargetTexture: {fileID: 0}
  m_TargetDisplay: 0
  m_TargetEye: 3
  m_HDR: 1
  m_AllowMSAA: 1
  m_AllowDynamicResolution: 0
  m_ForceIntoRT: 0
  m_OcclusionCulling: 1
  m_StereoConvergence: 10
  m_StereoSeparation: 0.022
--- !u!81 &2757629414188339935
AudioListener:
  m_ObjectHideFlags: 0
  m_CorrespondingSourceObject: {fileID: 0}
  m_PrefabInstance: {fileID: 0}
  m_PrefabAsset: {fileID: 0}
  m_GameObject: {fileID: 2757629414188339932}
  m_Enabled: 1
--- !u!114 &2757629414188339928
MonoBehaviour:
  m_ObjectHideFlags: 0
  m_CorrespondingSourceObject: {fileID: 0}
  m_PrefabInstance: {fileID: 0}
  m_PrefabAsset: {fileID: 0}
  m_GameObject: {fileID: 2757629414188339932}
  m_Enabled: 1
  m_EditorHideFlags: 0
  m_Script: {fileID: 11500000, guid: 389c445f329e4d84fb3f8b064a18d569, type: 3}
  m_Name: 
  m_EditorClassIdentifier: 
  mousesensitivity: 250
  playerbody: {fileID: 2757629413255237934}
  xRotation: 0
--- !u!1 &3387379711531196099
GameObject:
  m_ObjectHideFlags: 0
  m_CorrespondingSourceObject: {fileID: 0}
  m_PrefabInstance: {fileID: 0}
  m_PrefabAsset: {fileID: 0}
  serializedVersion: 6
  m_Component:
  - component: {fileID: 2597812393559788130}
  m_Layer: 0
  m_Name: firepoint
  m_TagString: Untagged
  m_Icon: {fileID: 0}
  m_NavMeshLayer: 0
  m_StaticEditorFlags: 0
  m_IsActive: 1
--- !u!4 &2597812393559788130
Transform:
  m_ObjectHideFlags: 0
  m_CorrespondingSourceObject: {fileID: 0}
  m_PrefabInstance: {fileID: 0}
  m_PrefabAsset: {fileID: 0}
  m_GameObject: {fileID: 3387379711531196099}
  m_LocalRotation: {x: 0, y: 0, z: 0, w: 1}
  m_LocalPosition: {x: 7.26, y: -2.88, z: 0}
  m_LocalScale: {x: 1, y: 1, z: 1}
  m_Children: []
  m_Father: {fileID: 4914466048722508088}
  m_RootOrder: 4
  m_LocalEulerAnglesHint: {x: 0, y: 0, z: 0}
--- !u!95 &1201149595958530177
Animator:
  serializedVersion: 3
  m_ObjectHideFlags: 0
  m_CorrespondingSourceObject: {fileID: 0}
  m_PrefabInstance: {fileID: 0}
  m_PrefabAsset: {fileID: 0}
  m_GameObject: {fileID: 5726433002437919618}
  m_Enabled: 1
  m_Avatar: {fileID: 0}
  m_Controller: {fileID: 9100000, guid: 916cd95682683834a8a934713191c2c9, type: 2}
  m_CullingMode: 0
  m_UpdateMode: 0
  m_ApplyRootMotion: 0
  m_LinearVelocityBlending: 0
  m_WarningMessage: 
  m_HasTransformHierarchy: 1
  m_AllowConstantClipSamplingOptimization: 1
  m_KeepAnimatorControllerStateOnDisable: 0
--- !u!114 &8838120444340367292
MonoBehaviour:
  m_ObjectHideFlags: 0
  m_CorrespondingSourceObject: {fileID: 0}
  m_PrefabInstance: {fileID: 0}
  m_PrefabAsset: {fileID: 0}
  m_GameObject: {fileID: 5726433002437919618}
  m_Enabled: 1
  m_EditorHideFlags: 0
  m_Script: {fileID: 11500000, guid: e746cc6866051504b9929fda27ba6b3e, type: 3}
  m_Name: 
  m_EditorClassIdentifier: 
  fireRate: 0.4
  bullet: {fileID: 2270896724597788490, guid: 82f8e2cdecaf26c408371df74a8f7012, type: 3}
  bullet_speed: 38
  range: 100
  layers:
    serializedVersion: 2
    m_Bits: 0
  ammo: 16
  reload: 0
  muzzle_flash: {fileID: 6730355876707529128}
  impact_effect: {fileID: 2066726187361638532, guid: 6d374cc109bd2154b9e07ec367fc9389,
    type: 3}
  pistol_anim: {fileID: 1201149595958530177}
--- !u!1 &7463194568541753092
GameObject:
  m_ObjectHideFlags: 0
  m_CorrespondingSourceObject: {fileID: 0}
  m_PrefabInstance: {fileID: 0}
  m_PrefabAsset: {fileID: 0}
  serializedVersion: 6
  m_Component:
  - component: {fileID: 7463194568541753093}
  - component: {fileID: 7463194568541753099}
  m_Layer: 0
  m_Name: GunCamera
  m_TagString: Untagged
  m_Icon: {fileID: 0}
  m_NavMeshLayer: 0
  m_StaticEditorFlags: 0
  m_IsActive: 1
--- !u!4 &7463194568541753093
Transform:
  m_ObjectHideFlags: 0
  m_CorrespondingSourceObject: {fileID: 0}
  m_PrefabInstance: {fileID: 0}
  m_PrefabAsset: {fileID: 0}
  m_GameObject: {fileID: 7463194568541753092}
  m_LocalRotation: {x: 0, y: 0, z: 0, w: 1}
  m_LocalPosition: {x: 0, y: 0, z: 0}
  m_LocalScale: {x: 1, y: 1, z: 1}
  m_Children: []
  m_Father: {fileID: 2757629414188339929}
  m_RootOrder: 0
  m_LocalEulerAnglesHint: {x: 0, y: 0, z: 0}
--- !u!20 &7463194568541753099
Camera:
  m_ObjectHideFlags: 0
  m_CorrespondingSourceObject: {fileID: 0}
  m_PrefabInstance: {fileID: 0}
  m_PrefabAsset: {fileID: 0}
  m_GameObject: {fileID: 7463194568541753092}
  m_Enabled: 1
  serializedVersion: 2
  m_ClearFlags: 3
  m_BackGroundColor: {r: 0.19215687, g: 0.3019608, b: 0.4745098, a: 0}
  m_projectionMatrixMode: 1
  m_GateFitMode: 2
  m_FOVAxisMode: 0
  m_SensorSize: {x: 36, y: 24}
  m_LensShift: {x: 0, y: 0}
  m_FocalLength: 50
  m_NormalizedViewPortRect:
    serializedVersion: 2
    x: 0
    y: 0
    width: 1
    height: 1
  near clip plane: 0.01
  far clip plane: 5
  field of view: 90
  orthographic: 0
  orthographic size: 5
  m_Depth: 1
  m_CullingMask:
    serializedVersion: 2
    m_Bits: 256
  m_RenderingPath: -1
  m_TargetTexture: {fileID: 0}
  m_TargetDisplay: 0
  m_TargetEye: 3
  m_HDR: 1
  m_AllowMSAA: 1
  m_AllowDynamicResolution: 0
  m_ForceIntoRT: 0
  m_OcclusionCulling: 1
  m_StereoConvergence: 10
  m_StereoSeparation: 0.022
--- !u!1001 &393659372229493629
PrefabInstance:
  m_ObjectHideFlags: 0
  serializedVersion: 2
  m_Modification:
    m_TransformParent: {fileID: 4914466048722508088}
    m_Modifications:
    - target: {fileID: 6346003020142310100, guid: e193ef162cde5f343af06724ffb1c9c9,
        type: 3}
      propertyPath: m_LocalPosition.x
      value: 7.2599998
      objectReference: {fileID: 0}
    - target: {fileID: 6346003020142310100, guid: e193ef162cde5f343af06724ffb1c9c9,
        type: 3}
      propertyPath: m_LocalPosition.y
      value: -2.880001
      objectReference: {fileID: 0}
    - target: {fileID: 6346003020142310100, guid: e193ef162cde5f343af06724ffb1c9c9,
        type: 3}
      propertyPath: m_LocalPosition.z
      value: 0
      objectReference: {fileID: 0}
    - target: {fileID: 6346003020142310100, guid: e193ef162cde5f343af06724ffb1c9c9,
        type: 3}
      propertyPath: m_RootOrder
      value: 5
      objectReference: {fileID: 0}
    - target: {fileID: 6346003020142310100, guid: e193ef162cde5f343af06724ffb1c9c9,
        type: 3}
      propertyPath: m_LocalEulerAnglesHint.x
      value: 180
      objectReference: {fileID: 0}
    - target: {fileID: 6346003020142310100, guid: e193ef162cde5f343af06724ffb1c9c9,
        type: 3}
      propertyPath: m_LocalEulerAnglesHint.y
      value: 0
      objectReference: {fileID: 0}
    - target: {fileID: 6346003020142310100, guid: e193ef162cde5f343af06724ffb1c9c9,
        type: 3}
      propertyPath: m_LocalEulerAnglesHint.z
      value: -90
      objectReference: {fileID: 0}
    - target: {fileID: 6346003020142310107, guid: e193ef162cde5f343af06724ffb1c9c9,
        type: 3}
      propertyPath: m_Name
      value: gun_vfx
      objectReference: {fileID: 0}
    m_RemovedComponents: []
  m_SourcePrefab: {fileID: 100100000, guid: e193ef162cde5f343af06724ffb1c9c9, type: 3}
--- !u!198 &6730355876707529128 stripped
ParticleSystem:
  m_CorrespondingSourceObject: {fileID: 6346003020142310101, guid: e193ef162cde5f343af06724ffb1c9c9,
    type: 3}
  m_PrefabInstance: {fileID: 393659372229493629}
  m_PrefabAsset: {fileID: 0}
--- !u!1001 &4879942289070227155
PrefabInstance:
  m_ObjectHideFlags: 0
  serializedVersion: 2
  m_Modification:
    m_TransformParent: {fileID: 2757629414188339929}
    m_Modifications:
    - target: {fileID: -8679921383154817045, guid: 1386814a5d4bffd4a976040d80c5480b,
        type: 3}
      propertyPath: m_LocalPosition.x
      value: 0.534
      objectReference: {fileID: 0}
    - target: {fileID: -8679921383154817045, guid: 1386814a5d4bffd4a976040d80c5480b,
        type: 3}
      propertyPath: m_LocalPosition.y
      value: -0.264
      objectReference: {fileID: 0}
    - target: {fileID: -8679921383154817045, guid: 1386814a5d4bffd4a976040d80c5480b,
        type: 3}
      propertyPath: m_LocalPosition.z
      value: 0.713
      objectReference: {fileID: 0}
    - target: {fileID: -8679921383154817045, guid: 1386814a5d4bffd4a976040d80c5480b,
        type: 3}
      propertyPath: m_LocalRotation.x
      value: -0.7070634
      objectReference: {fileID: 0}
    - target: {fileID: -8679921383154817045, guid: 1386814a5d4bffd4a976040d80c5480b,
        type: 3}
      propertyPath: m_LocalRotation.y
      value: 0.007836619
      objectReference: {fileID: 0}
    - target: {fileID: -8679921383154817045, guid: 1386814a5d4bffd4a976040d80c5480b,
        type: 3}
      propertyPath: m_LocalRotation.z
      value: -0.7070634
      objectReference: {fileID: 0}
    - target: {fileID: -8679921383154817045, guid: 1386814a5d4bffd4a976040d80c5480b,
        type: 3}
      propertyPath: m_LocalRotation.w
      value: 0.007836619
      objectReference: {fileID: 0}
    - target: {fileID: -8679921383154817045, guid: 1386814a5d4bffd4a976040d80c5480b,
        type: 3}
      propertyPath: m_RootOrder
      value: 1
      objectReference: {fileID: 0}
    - target: {fileID: -8679921383154817045, guid: 1386814a5d4bffd4a976040d80c5480b,
        type: 3}
      propertyPath: m_LocalEulerAnglesHint.x
      value: -180
      objectReference: {fileID: 0}
    - target: {fileID: -8679921383154817045, guid: 1386814a5d4bffd4a976040d80c5480b,
        type: 3}
      propertyPath: m_LocalEulerAnglesHint.y
      value: -90
      objectReference: {fileID: 0}
    - target: {fileID: -8679921383154817045, guid: 1386814a5d4bffd4a976040d80c5480b,
        type: 3}
      propertyPath: m_LocalEulerAnglesHint.z
      value: 1.27
      objectReference: {fileID: 0}
    - target: {fileID: -8679921383154817045, guid: 1386814a5d4bffd4a976040d80c5480b,
        type: 3}
      propertyPath: m_LocalScale.x
      value: 0.04
      objectReference: {fileID: 0}
    - target: {fileID: -8679921383154817045, guid: 1386814a5d4bffd4a976040d80c5480b,
        type: 3}
      propertyPath: m_LocalScale.y
      value: 0.05
      objectReference: {fileID: 0}
    - target: {fileID: -8679921383154817045, guid: 1386814a5d4bffd4a976040d80c5480b,
        type: 3}
      propertyPath: m_LocalScale.z
      value: 0.05
      objectReference: {fileID: 0}
    - target: {fileID: 919132149155446097, guid: 1386814a5d4bffd4a976040d80c5480b,
        type: 3}
      propertyPath: m_Name
      value: revolver
      objectReference: {fileID: 0}
    m_RemovedComponents: []
  m_SourcePrefab: {fileID: 100100000, guid: 1386814a5d4bffd4a976040d80c5480b, type: 3}
--- !u!1 &5726433002437919618 stripped
GameObject:
  m_CorrespondingSourceObject: {fileID: 919132149155446097, guid: 1386814a5d4bffd4a976040d80c5480b,
    type: 3}
  m_PrefabInstance: {fileID: 4879942289070227155}
  m_PrefabAsset: {fileID: 0}
--- !u!4 &4914466048722508088 stripped
Transform:
  m_CorrespondingSourceObject: {fileID: -8679921383154817045, guid: 1386814a5d4bffd4a976040d80c5480b,
    type: 3}
  m_PrefabInstance: {fileID: 4879942289070227155}
  m_PrefabAsset: {fileID: 0}
